@article{radford2019language,
    title={Language models are unsupervised multitask learners},
    author={Radford, Alec and Wu, Jeffrey and Child, Rewon and Luan, David and Amodei, Dario and Sutskever, Ilya and others},
    journal={OpenAI blog},
    volume={1},
    number={8},
    pages={9},
    year={2019}
}

@article{chen2021decision,
    title={Decision transformer: Reinforcement learning via sequence modeling},
    author={Chen, Lili and Lu, Kevin and Rajeswaran, Aravind and Lee, Kimin and Grover, Aditya and Laskin, Misha and Abbeel, Pieter and Srinivas, Aravind and Mordatch, Igor},
    journal={Advances in neural information processing systems},
    volume={34},
    pages={15084--15097},
    year={2021}
}

@article{schulman2017proximal,
    title={Proximal policy optimization algorithms},
    author={Schulman, John and Wolski, Filip and Dhariwal, Prafulla and Radford, Alec and Klimov, Oleg},
    journal={arXiv preprint arXiv:1707.06347},
    year={2017}
}

@article{brockman2016openai,
    title={Openai gym},
    author={Brockman, Greg and Cheung, Vicki and Pettersson, Ludwig and Schneider, Jonas and Schulman, John and Tang, Jie and Zaremba, Wojciech},
    journal={arXiv preprint arXiv:1606.01540},
    year={2016}
}

@misc{wandb,
title = {Experiment Tracking with Weights and Biases},
year = {2020},
note = {Software available from wandb.com},
url={https://www.wandb.com/},
author = {Biewald, Lukas},
}